<collection xmlns="http://www.loc.gov/MARC21/slim">
<record>
  <leader>02928nam0a2200433 i 450 </leader>
  <controlfield tag="001">IT\ICCU\CNCE\031346</controlfield>
  <controlfield tag="005">20180504000000.0</controlfield>
  <datafield tag="012" ind1=" " ind2=" ">
    <subfield code="a">a-u- u-re t.um 4241 (3) 1588 (R)</subfield>
    <subfield code="2">fei</subfield>
  </datafield>
  <datafield tag="100" ind1=" " ind2=" ">
    <subfield code="a">19971203d1588        0itac0103    ba</subfield>
  </datafield>
  <datafield tag="101" ind1=" " ind2=" ">
    <subfield code="a">LAT</subfield>
  </datafield>
  <datafield tag="102" ind1=" " ind2=" ">
    <subfield code="a">IT</subfield>
  </datafield>
  <datafield tag="200" ind1="1" ind2=" ">
    <subfield code="a">Decisiones Sacri Regii Consilii Neapolitani, per dom. Thomam Grammaticum Neapolitanum, i.v.d. regium consiliarum, ex causis per eum in Sacro Regio Neapolitano Consilio relatis summa cura, summoque iudicio selectae. His accessere, Consilia quaedam pulcherrima, &amp; Quaestiones perquam vtiles eiusdem auctoris. Ad haec, index rerum, &amp; verborum locupletissimus. Quae omnia recenti, hac nostra editione diligentissim ̈expolita sunt, accuratissimeque elaborata</subfield>
  </datafield>
  <datafield tag="210" ind1=" " ind2=" ">
    <subfield code="a">Venetiis</subfield>
    <subfield code="c">apud haeredes Petri Dehuchini</subfield>
    <subfield code="d">1588</subfield>
    <subfield code="e">Venetiis</subfield>
    <subfield code="g">apud haeredes Petri Dehuchini</subfield>
  </datafield>
  <datafield tag="215" ind1=" " ind2=" ">
    <subfield code="a">\192!, 782 p.</subfield>
    <subfield code="d">8ʻ</subfield>
  </datafield>
  <datafield tag="620" ind1=" " ind2=" ">
    <subfield code="a">IT</subfield>
    <subfield code="d">Venezia</subfield>
  </datafield>
  <datafield tag="710" ind1="0" ind2="2">
    <subfield code="a">Napoli</subfield>
    <subfield code="c"> &lt;Regno&gt;</subfield>
    <subfield code="b"> : Sacro Regio Consiglio</subfield>
    <subfield code="3">IT\ICCU\CNCA\021612</subfield>
  </datafield>
  <datafield tag="702" ind1=" " ind2="1">
    <subfield code="a">Grammatico,</subfield>
    <subfield code="b">Tommaso</subfield>
    <subfield code="3">IT\ICCU\CNCA\006232</subfield>
  </datafield>
  <datafield tag="712" ind1="0" ind2="0">
    <subfield code="a">Deuchino, Pietro - eredi</subfield>
    <subfield code="3">IT\ICCU\CNCT\000661</subfield>
    <subfield code="4">650</subfield>
  </datafield>
  <datafield tag="791" ind1="0" ind2="2">
    <subfield code="a">Sacro Regio Consiglio</subfield>
    <subfield code="c"> &lt;Napoli, Regno&gt;</subfield>
    <subfield code="3">IT\ICCU\CNCA\021613</subfield>
    <subfield code="z">Napoli &lt;Regno&gt; : Sacro Regio Consiglio</subfield>
  </datafield>
  <datafield tag="791" ind1="0" ind2="2">
    <subfield code="a">Consiglio di Santa Chiara</subfield>
    <subfield code="c"> &lt;Napoli, Regno&gt;</subfield>
    <subfield code="3">IT\ICCU\CNCA\021822</subfield>
    <subfield code="z">Napoli &lt;Regno&gt; : Sacro Regio Consiglio</subfield>
  </datafield>
  <datafield tag="791" ind1="0" ind2="2">
    <subfield code="a">Sacrum Regium Consilium Neapolitanum</subfield>
    <subfield code="3">23095</subfield>
    <subfield code="z">Napoli &lt;Regno&gt; : Sacro Regio Consiglio</subfield>
  </datafield>
  <datafield tag="790" ind1=" " ind2="1">
    <subfield code="a">Grammaticus,</subfield>
    <subfield code="b">Thomas</subfield>
    <subfield code="3">IT\ICCU\CNCA\020196</subfield>
    <subfield code="z">Grammatico, Tommaso</subfield>
  </datafield>
  <datafield tag="801" ind1=" " ind2="3">
    <subfield code="a">IT</subfield>
    <subfield code="b">ICCU</subfield>
    <subfield code="c">20201114</subfield>
  </datafield>
  <datafield tag="899" ind1=" " ind2=" ">
    <subfield code="a">Biblioteca comunale. Fabriano</subfield>
    <subfield code="1">AN0033</subfield>
    <subfield code="2">URB BF</subfield>
  </datafield>
  <datafield tag="899" ind1=" " ind2=" ">
    <subfield code="a">Biblioteca civica A. Mai. Bergamo</subfield>
    <subfield code="1">BG0026</subfield>
    <subfield code="2">LO1 02</subfield>
  </datafield>
  <datafield tag="899" ind1=" " ind2=" ">
    <subfield code="a">Biblioteca universitaria. Cagliari</subfield>
    <subfield code="1">CA0194</subfield>
    <subfield code="2">CAG UC</subfield>
  </datafield>
  <datafield tag="899" ind1=" " ind2=" ">
    <subfield code="a">Biblioteca civica. Fossano</subfield>
    <subfield code="1">CN0049</subfield>
    <subfield code="2">TO0 52</subfield>
  </datafield>
  <datafield tag="899" ind1=" " ind2=" ">
    <subfield code="a">Biblioteca comunale. Pietraperzia</subfield>
    <subfield code="1">EN0038</subfield>
    <subfield code="2">ZEN 10</subfield>
  </datafield>
  <datafield tag="899" ind1=" " ind2=" ">
    <subfield code="a">Biblioteca della Rubiconia Accademia dei Filopatridi. Savignano sul Rubicone</subfield>
    <subfield code="1">FC0067</subfield>
    <subfield code="2">RAV AF</subfield>
  </datafield>
  <datafield tag="899" ind1=" " ind2=" ">
    <subfield code="a">Biblioteca nazionale centrale. Firenze</subfield>
    <subfield code="1">FI0098</subfield>
    <subfield code="2">CFI CF</subfield>
  </datafield>
  <datafield tag="899" ind1=" " ind2=" ">
    <subfield code="a">Biblioteca Ambrosiana. Milano</subfield>
    <subfield code="1">MI0133</subfield>
    <subfield code="2">VBA 01</subfield>
  </datafield>
  <datafield tag="899" ind1=" " ind2=" ">
    <subfield code="a">Biblioteca capitolare. Pescia</subfield>
    <subfield code="1">PT0016</subfield>
    <subfield code="2">ZPT 08</subfield>
  </datafield>
  <datafield tag="899" ind1=" " ind2=" ">
    <subfield code="a">Biblioteca civica Gambalunghiana. Rimini</subfield>
    <subfield code="1">RN0013</subfield>
    <subfield code="2">RAV RI</subfield>
  </datafield>
  <datafield tag="899" ind1=" " ind2=" ">
    <subfield code="a">Biblioteca provinciale. Salerno</subfield>
    <subfield code="1">SA0063</subfield>
    <subfield code="2">CAM PS</subfield>
  </datafield>
  <datafield tag="899" ind1=" " ind2=" ">
    <subfield code="a">Biblioteca comunale. Trento</subfield>
    <subfield code="1">TN0121</subfield>
    <subfield code="2">ZTN 01</subfield>
  </datafield>
  <datafield tag="911" ind1=" " ind2=" ">
    <subfield code="a">Sul front.</subfield>
    <subfield code="9">IT\ICCU\CNCM\000453</subfield>
  </datafield>
  <datafield tag="911" ind1=" " ind2=" ">
    <subfield code="a">Nel coloph.</subfield>
    <subfield code="9">IT\ICCU\CNCM\000349</subfield>
  </datafield>
  <datafield tag="921" ind1=" " ind2=" ">
    <subfield code="a">IT\ICCU\CNCM\000453</subfield>
    <subfield code="b">Due ancore unite da nastro. In alto, in ovale inserito nella cornice, tre gigli.</subfield>
    <subfield code="e">1) His sufulta; 2) Sic inclita virtus.</subfield>
    <subfield code="c">Z69</subfield>
    <subfield code="d">Dimensioni: 2,5 x 3,1</subfield>
    <subfield code="f">ANCORA</subfield>
    <subfield code="f">GIGLIO</subfield>
    <subfield code="f">HISSUFULTA</subfield>
    <subfield code="f">NASTRO</subfield>
    <subfield code="f">SICINCLITA</subfield>
    <subfield code="g">1581-1600</subfield>
  </datafield>
  <datafield tag="921" ind1=" " ind2=" ">
    <subfield code="a">IT\ICCU\CNCM\000349</subfield>
    <subfield code="b">Due ancore unite da nastro. In alto, in ovale inserito nella cornice, tre gigli.</subfield>
    <subfield code="e">1) His suffulta; 2) Sic inclita virtus.</subfield>
    <subfield code="c">V337</subfield>
    <subfield code="c">Z70</subfield>
    <subfield code="d">Dimensioni: 4 x 5</subfield>
    <subfield code="f">ANCORA</subfield>
    <subfield code="f">GIGLIO</subfield>
    <subfield code="f">HISSUFFULT</subfield>
    <subfield code="f">SICINCLITA</subfield>
    <subfield code="g">1570-1600</subfield>
  </datafield>
</record>
</collection>
